
@article{10.1093/mnras/stab2391,
	author = {Rai, Km Nitu and Basak, Soumen and Saha, Prasenjit},
	title = "{Radius measurement in binary stars: simulations of intensity interferometry}",
	journal = {Monthly Notices of the Royal Astronomical Society},
	volume = {507},
	number = {2},
	pages = {2813-2824},
	year = {2021},
	month = {08},
	abstract = "{Mass and radius measurements of stars are important inputs for models of stellar structure. Binary stars are of particular interest in this regard, because astrometry and spectroscopy of a binary together provide the masses of both stars as well as the distance to the system, while interferometry can both improve the astrometry and measure the radii of the stars. In this work, we simulate parameter recovery from intensity interferometry, especially the challenge of disentangling the radii of two stars from their combined interferometric signal. Two approaches are considered: separation of the visibility contributions of each star with the help of differing brightness ratios at different wavelengths, and direct fitting of the intensity correlation to a multiparameter model. Full image reconstructions is not attempted. Measurement of angular radii, angular separation, and first-order limb-darkening appears readily achievable for bright binary stars with current instrumentation.}",
	issn = {0035-8711},
	doi = {10.1093/mnras/stab2391},
	url = {https://doi.org/10.1093/mnras/stab2391},
	eprint = {https://academic.oup.com/mnras/article-pdf/507/2/2813/40262207/stab2391.pdf},
}

@article{10.1093/mnras/stac2433,
	author = {Rai, Km Nitu and Sarangi, Subrata and Saha, Prasenjit and Basak, Soumen},
	title = "{Simulations of astrometric planet detection in Alpha Centauri by intensity interferometry}",
	journal = {Monthly Notices of the Royal Astronomical Society},
	volume = {516},
	number = {2},
	pages = {2864-2875},
	year = {2022},
	month = {08},
	abstract = "{Recent dynamical studies indicate that the possibility of an Earth-like planet around α Cen A or B should be taken seriously. Such a planet, if it exists, would perturb the orbital astrometry by \\$\\lt \\{10\\}\\, \\{\\mu \\{\\rm as\\}\\}\\$, which is 10−6 of the separation between the two stars. We assess the feasibility of detecting such perturbations using ground-based intensity interferometry. We simulate a dedicated set-up consisting of four 40-cm telescopes equipped with photon counters and correlators with a time resolution of \\$0.1\\, \\rm ns\\$, and a sort of matched filter implemented through an aperture mask. The astrometric error from one night of observing α Cen AB is \\$\\approx 0.5\\, \\rm mas\\$. The error decreases if longer observing times and multiple spectral channels are used, as (channels × nights)−1/2.}",
	issn = {0035-8711},
	doi = {10.1093/mnras/stac2433},
	url = {https://doi.org/10.1093/mnras/stac2433},
	eprint = {https://academic.oup.com/mnras/article-pdf/516/2/2864/45821121/stac2433.pdf},
}

@article{goodfellow2014generative,
	title={Generative adversarial nets},
	author={Goodfellow, Ian and Pouget-Abadie, Jean and Mirza, Mehdi and Xu, Bing and Warde-Farley, David and Ozair, Sherjil and Courville, Aaron and Bengio, Yoshua},
	journal={Advances in neural information processing systems},
	volume={27},
	year={2014}
}

@article{goldberger1963use,
	title={Use of intensity correlations to determine the phase of a scattering amplitude},
	author={Goldberger, Marvin L and Lewis, Harold W and Watson, Kenneth M},
	journal={Physical Review},
	volume={132},
	number={6},
	pages={2764},
	year={1963},
	publisher={APS}
}

@article{gamo1963triple,
	title={Triple correlator of photoelectric fluctuations as a spectroscopic tool},
	author={Gamo, Hideya},
	journal={Journal of Applied Physics},
	volume={34},
	number={4},
	pages={875--876},
	year={1963},
	publisher={American Institute of Physics}
}

@article{sato1978imaging,
	title={Imaging system using an intensity triple correlator},
	author={Sato, Takuso and Wadaka, Shusou and Yamamoto, Jiro and Ishii, Junichi},
	journal={Applied optics},
	volume={17},
	number={13},
	pages={2047--2052},
	year={1978},
	publisher={Optica Publishing Group}
}

@article{sato1979computer,
	title={Computer controlled image sensor and its application},
	author={Sato, Takuso and Ishii, Junichi and Wadaka, Shusou},
	journal={Applied Optics},
	volume={18},
	number={4},
	pages={485--488},
	year={1979},
	publisher={Optica Publishing Group}
}

@article{sato1981adaptive,
	title={Adaptive techniques for precise detection of the coherence function by an intensity triple correlator},
	author={Sato, Takuso and Sasaki, Kimio and Ando, Kazushige},
	journal={Applied Optics},
	volume={20},
	number={12},
	pages={2055--2059},
	year={1981},
	publisher={Optica Publishing Group}
}

@inproceedings{holmes2010two,
	title={Two-dimensional image recovery in intensity interferometry using the Cauchy-Riemann relations},
	author={Holmes, RB and Lebohec, S and Nunez, PD},
	booktitle={Adaptive Coded Aperture Imaging, Non-Imaging, and Unconventional Imaging Sensor Systems II},
	volume={7818},
	pages={175--185},
	year={2010},
	organization={SPIE}
}

@inproceedings{nunez2010stellar,
	title={Stellar intensity interferometry: Imaging capabilities of air Cherenkov telescope arrays},
	author={Nu{\~n}ez, Paul D and LeBohec, Stephan and Kieda, David and Holmes, Richard and Jensen, Hannes and Dravins, Dainis},
	booktitle={Optical and Infrared Interferometry II},
	volume={7734},
	pages={458--467},
	year={2010},
	organization={SPIE}
}

@article{nunez2012high,
	title={High angular resolution imaging with stellar intensity interferometry using air Cherenkov telescope arrays},
	author={Nunez, Paul D and Holmes, Richard and Kieda, David and LeBohec, Stephan},
	journal={Monthly Notices of the Royal Astronomical Society},
	volume={419},
	number={1},
	pages={172--183},
	year={2012},
	publisher={The Royal Astronomical Society}
}

@article{nunez2012imaging,
	title={Imaging submilliarcsecond stellar features with intensity interferometry using air Cherenkov telescope arrays},
	author={Nu{\~n}ez, Paul D and Holmes, Richard and Kieda, David and Rou, Janvida and LeBohec, Stephan},
	journal={Monthly Notices of the Royal Astronomical Society},
	volume={424},
	number={2},
	pages={1006--1011},
	year={2012},
	publisher={Blackwell Science Ltd Oxford, UK}
}

@article{brown1954lxxiv,
	title={LXXIV. A new type of interferometer for use in radio astronomy},
	author={Brown, R Hanbury and Twiss, Richard Q},
	journal={The London, Edinburgh, and Dublin Philosophical Magazine and Journal of Science},
	volume={45},
	number={366},
	pages={663--682},
	year={1954},
	publisher={Taylor \& Francis}
}


@article{brown1974intensity,
	title={The intensity interferometer; its application to astronomy},
	author={Brown, Robert Hanbury},
	journal={London},
	year={1974}
}

@article{acciari2020optical,
	title={Optical intensity interferometry observations using the MAGIC imaging atmospheric Cherenkov telescopes},
	author={Acciari, VA and Bernardos, MI and Colombo, E and Contreras, JL and Cortina, J and De Angelis, A and Delgado, C and D{\'\i}az, C and Fink, D and Mariotti, M and others},
	journal={Monthly Notices of the Royal Astronomical Society},
	volume={491},
	number={2},
	pages={1540--1547},
	year={2020},
	publisher={Oxford University Press}
}

@article{dravins2013optical,
	title={Optical intensity interferometry with the Cherenkov Telescope Array},
	author={Dravins, Dainis and LeBohec, Stephan and Jensen, Hannes and Nu{\~n}ez, Paul D and CTA Consortium and others},
	journal={Astroparticle Physics},
	volume={43},
	pages={331--347},
	year={2013},
	publisher={Elsevier}
}

@article{aleksic2016major,
	title={The major upgrade of the MAGIC telescopes, Part II: A performance study using observations of the Crab Nebula},
	author={Aleksi{\'c}, Jelena and Ansoldi, Stefano and Antonelli, Lucio Angelo and Antoranz, P and Babic, A and Bangale, P and Barcel{\'o}, M and Barrio, JA and Gonz{\'a}lez, J Becerra and Bednarek, W and others},
	journal={Astroparticle Physics},
	volume={72},
	pages={76--94},
	year={2016},
	publisher={Elsevier}
}

@article{abeysekara2020demonstration,
	title={Demonstration of stellar intensity interferometry with the four VERITAS telescopes},
	author={Abeysekara, AU and Benbow, W and Brill, A and Buckley, JH and Christiansen, JL and Chromey, AJ and Daniel, MK and Davis, J and Falcone, A and Feng, Q and others},
	journal={Nature Astronomy},
	volume={4},
	number={12},
	pages={1164--1169},
	year={2020},
	publisher={Nature Publishing Group UK London}
}

@article{saha2020theory,
	title={The theory of intensity interferometry revisited},
	author={Saha, Prasenjit},
	journal={arXiv preprint arXiv:2009.07284},
	year={2020}
}

@article{mirza2014conditional,
	title={Conditional generative adversarial nets},
	author={Mirza, Mehdi and Osindero, Simon},
	journal={arXiv preprint arXiv:1411.1784},
	year={2014}
}

@inproceedings{isola2017image,
	title={Image-to-image translation with conditional adversarial networks},
	author={Isola, Phillip and Zhu, Jun-Yan and Zhou, Tinghui and Efros, Alexei A},
	booktitle={Proceedings of the IEEE conference on computer vision and pattern recognition},
	pages={1125--1134},
	year={2017}
}

@inproceedings{ronneberger2015u,
	title={U-net: Convolutional networks for biomedical image segmentation},
	author={Ronneberger, Olaf and Fischer, Philipp and Brox, Thomas},
	booktitle={Medical image computing and computer-assisted intervention--MICCAI 2015: 18th international conference, Munich, Germany, October 5-9, 2015, proceedings, part III 18},
	pages={234--241},
	year={2015},
	organization={Springer}
}

@article{abadi2016tensorflow,
	title={Tensorflow: Large-scale machine learning on heterogeneous distributed systems},
	author={Abadi, Mart{\'\i}n and Agarwal, Ashish and Barham, Paul and Brevdo, Eugene and Chen, Zhifeng and Citro, Craig and Corrado, Greg S and Davis, Andy and Dean, Jeffrey and Devin, Matthieu and others},
	journal={arXiv preprint arXiv:1603.04467},
	year={2016}
}

@article{virtanen2020scipy,
	title={SciPy 1.0: fundamental algorithms for scientific computing in Python},
	author={Virtanen, Pauli and Gommers, Ralf and Oliphant, Travis E and Haberland, Matt and Reddy, Tyler and Cournapeau, David and Burovski, Evgeni and Peterson, Pearu and Weckesser, Warren and Bright, Jonathan and others},
	journal={Nature methods},
	volume={17},
	number={3},
	pages={261--272},
	year={2020},
	publisher={Nature Publishing Group}
}

@ARTICLE{4160265,
	author={Hunter, John D.},
	journal={Computing in Science & Engineering}, 
	title={Matplotlib: A 2D Graphics Environment}, 
	year={2007},
	volume={9},
	number={3},
	pages={90-95},
	keywords={Graphics;Interpolation;Equations;Graphical user interfaces;Packaging;Image generation;User interfaces;Operating systems;Computer languages;Programming profession;Python;scripting languages;application development;scientific programming},
	doi={10.1109/MCSE.2007.55}
}

@book{murphy2022probabilistic,
	title={Probabilistic machine learning: an introduction},
	author={Murphy, Kevin P},
	year={2022},
	publisher={MIT press}
}

@book{prince2023understanding,
	title={Understanding deep learning},
	author={Prince, Simon JD},
	year={2023},
	publisher={MIT press}
}

@article{hu1962visual,
	title={Visual pattern recognition by moment invariants},
	author={Hu, Ming-Kuei},
	journal={IRE transactions on information theory},
	volume={8},
	number={2},
	pages={179--187},
	year={1962},
	publisher={IEEE}
}

@article{teague1980image,
	title={Image analysis via the general theory of moments},
	author={Teague, Michael Reed},
	journal={Josa},
	volume={70},
	number={8},
	pages={920--930},
	year={1980},
	publisher={Optica Publishing Group}
}

@article{von1924radiative,
	title={The radiative equilibrium of a rotating system of gaseous masses},
	author={Von Zeipel, H},
	journal={Monthly Notices of the Royal Astronomical Society, Vol. 84, p. 665-683},
	volume={84},
	pages={665--683},
	year={1924}
}

@ARTICLE{1999A&A...347..185M,
	author = {{Maeder}, Andr{\'e}},
	title = "{Stellar evolution with rotation IV: von Zeipel's theorem and anisotropic losses of mass and angular momentum}",
	journal = {\aap},
	keywords = {STARS: EVOLUTION, STARS: INTERIORS, STARS: ROTATION, STARS: WINDS, OUTFLOWS},
	year = 1999,
	month = jul,
	volume = {347},
	pages = {185-193},
	adsurl = {https://ui.adsabs.harvard.edu/abs/1999A&A...347..185M},
	adsnote = {Provided by the SAO/NASA Astrophysics Data System}
}

@article{lucy1967gravity,
	title={Gravity-darkening for stars with convective envelopes},
	author={Lucy, Leon B},
	journal={Zeitschrift f{\"u}r Astrophysik, Vol. 65, p. 89},
	volume={65},
	pages={89},
	year={1967}
}

@article{mcalister2005first,
	title={First results from the CHARA array. I. An interferometric and spectroscopic study of the fast rotator $\alpha$ Leonis (Regulus)},
	author={McAlister, Harold A and Ten Brummelaar, TA and Gies, DR and Huang, W and Bagnuolo Jr, WG and Shure, MA and Sturmann, J and Sturmann, L and Turner, NH and Taylor, SF and others},
	journal={The Astrophysical Journal},
	volume={628},
	number={1},
	pages={439},
	year={2005},
	publisher={IOP Publishing}
}

@article{10.1093/mnras/stad3797,
	author = {Mohan et al., Arya},
	title = {Generating images of the M87* black hole using GANs},
	journal = {Monthly Notices of the Royal Astronomical Society},
	volume = {527},
	number = {4},
	pages = {10965-10974},
	year = {2023},
	month = {12},
	abstract = {In this paper, we introduce a novel data augmentation methodology based on Conditional Progressive Generative Adversarial Networks (CPGAN) to generate diverse black hole (BH) images, accounting for variations in spin and electron temperature prescriptions. These generated images are valuable resources for training deep learning algorithms to accurately estimate black hole parameters from observational data. Our model can generate BH images for any spin value within the range of [−1, 1], given an electron temperature distribution. To validate the effectiveness of our approach, we employ a convolutional neural network to predict the BH spin using both the GRMHD images and the images generated by our proposed model. Our results demonstrate a significant performance improvement when training is conducted with the augmented data set while testing is performed using GRMHD simulated data, as indicated by the high R2 score. Consequently, we propose that GANs can be employed as cost-effective models for black hole image generation and reliably augment training data sets for other parametrization algorithms.},
	issn = {0035-8711},
	doi = {10.1093/mnras/stad3797},
	url = {https://doi.org/10.1093/mnras/stad3797},
}

@article{galvin2020cataloguing,
	title={Cataloguing the radio-sky with unsupervised machine learning: a new approach for the SKA era},
	author={Galvin et al., Timothy J},
	journal={Monthly Notices of the Royal Astronomical Society},
	volume={497},
	number={3},
	pages={2730--2758},
	year={2020},
	publisher={Oxford University Press},
	url = {https://academic.oup.com/mnras/article/497/3/2730/5866509},
}

@article{wu2019radio,
	title={Radio Galaxy Zoo: CLARAN--a deep learning classifier for radio morphologies},
	author={Wu et al., Chen},
	journal={Monthly Notices of the Royal Astronomical Society},
	volume={482},
	number={1},
	pages={1211--1230},
	year={2019},
	publisher={Oxford University Press},
	url = {https://academic.oup.com/mnras/article/482/1/1211/5142869},
}

@inproceedings{kieda2022performance,
	title={Performance of the upgraded VERITAS Stellar Intensity Interferometer (VSII)},
	author={Kieda, David B},
	booktitle={Optical and Infrared Interferometry and Imaging VIII},
	volume={12183},
	pages={142--156},
	year={2022},
	organization={SPIE}
}

@article{zmija2022optical,
	title={Optical intensity interferometry lab tests in preparation of stellar diameter measurements at IACTs at GHz photon rates},
	author={Zmija, Andreas and Vogel, Naomi and Anton, Gisela and Malyshev, Dmitry and Michel, Thilo and Zink, Adrian and Funk, Stefan},
	journal={Monthly Notices of the Royal Astronomical Society},
	volume={509},
	number={3},
	pages={3113--3118},
	year={2022},
	publisher={Oxford University Press}
}

@article{abe2024performance,
	title={Performance and first measurements of the MAGIC stellar intensity interferometer},
	author={Abe, Shinsuke and Abhir, J and Acciari, VA and Aguasca-Cabot, A and Agudo, I and Aniello, T and Ansoldi, S and Antonelli, LA and Arbet Engels, A and Arcaro, C and others},
	journal={Monthly Notices of the Royal Astronomical Society},
	volume={529},
	number={4},
	pages={4387--4404},
	year={2024},
	publisher={Oxford University Press}
}